@article{shortestpath,
author = {Javaid, Adeel},
year = {2013},
month = {01},
pages = {},
title = {Understanding Dijkstra Algorithm},
journal = {SSRN Electronic Journal},
doi = {10.2139/ssrn.2340905}
}

@book{nad83,
    title = {Geoprocessing with Python},
    author = {Chris, Garrard},
    isbn = {9781617292149},
    year = {2016},
    publisher = {Manning}
}
