@book{numpybook,
    title = {Guide to NumPy: 2nd Edition},
    author = {Travis E. Oliphant},
    isbn = {978-1517300074},
    year = {2015},
    publisher = {Continium Press}
}

@online{postgresql,
    title = {Potgres. The most advanced relational database},
    date = {2019},
    author = {Amigoscode},
    url = {https://amigoscode.com/courses/postgresql},
    addendum = "(accessed: 09.8.2019)"
}