@book{geotransformation,
    title = {Geoprocessing with Python},
    author = {Chris Garrard},
    isbn = {9781617292149},
    year = {2016},
    publisher = {Manning}
}

@online{astar,
    author = "Amit Patel",
    title = "From Amitâ€™s Thoughts on Pathfinding: Introduction to A*",
    url  = "http://theory.stanford.edu/~amitp/GameProgramming/AStarComparison.html",
    addendum = "(accessed: 05.8.2019)"
}

@online{go,
    author = "Go Team",
    title = "Documentation",
    url  = "https://golang.org/doc/",
    addendum = "(accessed: 05.8.2019)"
}

@book{numpy,
    title = {The NumPy Array: A Structure for Efficient Numerical Computation},
    author = {Stefan van der Walt et al},
    isbn = {11851135},
    year = {2011},
    publisher = {IEEE}
}

