@online{cpython,
    author = "Python Software Foundation",
    title = "Python Documentation: Memory Manegement",
    url  = "https://docs.python.org/3/c-api/memory.html",
    addendum = "(accessed: 22.7.2019)"
}

@online{latex,
    author = "Claudio Vellage",
    title = "Latex Tutorial",
    url  = "https://www.latex-tutorial.com/",
    addendum = "(accessed: 22.7.2019)"
}
