@book{geoprocessing,
    title = {Geoprocessing with Python},
    author = {Chris Garrard},
    isbn = {9781617292149},
    year = {2016},
    publisher = {Manning}
}

@book{pythonreference,
    title = {Python Essential Reference Fourth Edition},
    author = {David M. Beazley},
    isbn = {9780672329784},
    year = {2016},
    publisher = {Addison-Wesley}
}

@online{gameoflife,
    author = "Alex Bellos",
    title = "The Game of Life: a beginner's guide",
    url  = "https://www.theguardian.com/science/alexs-adventures-in-numberland/2014/dec/15/the-game-of-life-a-beginners-guide",
    addendum = "(accessed: 17.7.2019)"
}

@online{githubrepo,
    author = "Tue Robotics",
    title = "Environment Descriptor",
    url  = "https://github.com/tue-robotics/ed",
    addendum = "(accessed: 17.7.2019)"
}

@article{robot,
    author = "Shoudong Huang  Gamini Dissanayake",
    title = "{Robot Localization: An Introduction}",
    journal = "Wiley",
    year = "2016",
    DOI = " https://doi.org/10.1002/047134608X.W8318"
}

@online{andriod,
    author = "Google Andriod Development Team",
    title = "Services Overview",
    url  = "https://developer.android.com/guide/components/services",
    addendum = "(accessed: 17.7.2019)"
}