@book{geobook,
    title = {Guide to NumPy: 2nd Edition},
    author = {Travis E. Oliphant},
    isbn = {978-1517300074},
    year = {2015},
    publisher = {Continium Press}
}

@incollection{graph,
  title={Engineering route planning algorithms},
  author={Delling, Daniel and Sanders, Peter and Schultes, Dominik and Wagner, Dorothea},
  booktitle={Algorithmics of large and complex networks},
  pages={117--139},
  year={2009},
  publisher={Springer}
}

@article{ex1,
  title={Extracting topographic structure from digital elevation data for geographic information system analysis},
  author={Jenson, Susan K and Domingue, Julia O},
  journal={Photogrammetric engineering and remote sensing},
  volume={54},
  number={11},
  pages={1593--1600},
  year={1988},
  publisher={Citeseer}
}

@article{ex4,
  title={An overview of watershed algorithm implementations in open source libraries},
  author={Kornilov, Anton and Safonov, Ilia},
  journal={Journal of Imaging},
  volume={4},
  number={10},
  pages={123},
  year={2018},
  publisher={Multidisciplinary Digital Publishing Institute}
}

@article{ex5,
  title={A general model of watershed extraction and representation using globally optimal flow paths and up-slope contributing areas},
  author={Liang, Chaojun and MaCkay, D Scott},
  journal={International Journal of Geographical Information Science},
  volume={14},
  number={4},
  pages={337--358},
  year={2000},
  publisher={Taylor \& Francis}
}

@proceedings{earthwork,
  title = {NDDOT Construction Conference 2011East Conference},
  series = {NDDOT},
  year = {2011}
}

@online{wolfram,
    title = {Vertex Contraction},
    date = {2019},
    author = {Eric Weisstein},
    url = {http://mathworld.wolfram.com/VertexContraction.html},
    addendum = "(accessed: 18.8.2019)"
}